@comment{
techreport{nxxxx
  author={},
  title={{}},
  institution={ISO/IEC JTC1/SC22/WG21},
  type={Working paper},
  number={NXXXX},
  month=mmm,
  year=YYYY,
}
}

@techreport{n2761,
  author={Jens Maurer and Michael Wong},
  title={{Towards support for attributes in C++}},
  institution={ISO/IEC JTC1/SC22/WG21},
  type={Working paper},
  number={N2761},
  month=sep,
  year=2008,
}

@techreport{p0283r0,
  author={J. Daniel Garcia},
  title={{Standard and non-standard attributes}},
  institution={ISO/IEC JTC1/SC22/WG21},
  type={Working paper},
  number={P0283R0},
  month=feb,
  year=2016,
}

