@comment{
techreport{nxxxx
  author={},
  title={{}},
  institution={ISO/IEC JTC1/SC22/WG21},
  type={Working paper},
  number={NXXXX},
  month=mmm,
  year=YYYY,
}
}

@techreport{n2761,
  author={Jens Maurer and Michael Wong},
  title={{Towards support for attributes in C++}},
  institution={ISO/IEC JTC1/SC22/WG21},
  type={Working paper},
  number={N2761},
  month=sep,
  year=2008,
}

@techreport{repara:d33,
  editor={Luis~M. Sanchez},
  author={Luis~M. Sanchez et al.},
  title={{Static Partitioning Tool}},
  institution={REPARA Project},
  type={Technical Report},
  number={D3.3},
  month=dec,
  year=2014,
}
